<record><leader>00000cas a22000007a 4500</leader><controlfield tag="001">1764442</controlfield><controlfield tag="008">751101d19191942mnuwr ne      0   a0eng d</controlfield><datafield ind1=" " ind2=" " tag="010"><subfield code="a">sn 89064123 </subfield></datafield><datafield ind1=" " ind2=" " tag="040"><subfield code="a">MUL</subfield><subfield code="b">eng</subfield><subfield code="c">MUL</subfield><subfield code="d">NSD</subfield><subfield code="d">MN#</subfield><subfield code="d">OCLCQ</subfield><subfield code="d">OCLCF</subfield><subfield code="d">OCLCO</subfield></datafield><datafield ind1="1" ind2=" " tag="029"><subfield code="a">AU@</subfield><subfield code="b">000025854369</subfield></datafield><datafield ind1=" " ind2=" " tag="042"><subfield code="a">msc</subfield></datafield><datafield ind1=" " ind2=" " tag="043"><subfield code="a">n-us-mn</subfield></datafield><datafield ind1=" " ind2=" " tag="052"><subfield code="a">4144</subfield><subfield code="b">L9</subfield></datafield><datafield ind1=" " ind2=" " tag="052"><subfield code="a">4143</subfield><subfield code="b">R7</subfield></datafield><datafield ind1="0" ind2="4" tag="245"><subfield code="a">The Rock County star.</subfield></datafield><datafield ind1=" " ind2=" " tag="260"><subfield code="a">Luverne, Minn. :</subfield><subfield code="b">Green, Jensen &amp; Fisher</subfield></datafield><datafield ind1=" " ind2=" " tag="300"><subfield code="a">v.</subfield></datafield><datafield ind1=" " ind2=" " tag="310"><subfield code="a">Weekly</subfield></datafield><datafield ind1="1" ind2=" " tag="362"><subfield code="a">Began in 1919?</subfield></datafield><datafield ind1="0" ind2=" " tag="362"><subfield code="a">-v. 24, no. 37 (Sept. 10, 1942).</subfield></datafield><datafield ind1=" " ind2=" " tag="530"><subfield code="a">Available on microfilm from the Minnesota Historical Society.</subfield></datafield><datafield ind1=" " ind2=" " tag="588"><subfield code="a">Description based on: Vol. 2, no. 34 (Sept. 23, 1920).</subfield></datafield><datafield ind1=" " ind2="0" tag="651"><subfield code="a">Luverne (Minn.)</subfield><subfield code="v">Newspapers.</subfield></datafield><datafield ind1=" " ind2="7" tag="655"><subfield code="a">Newspapers.</subfield><subfield code="2">fast</subfield><subfield code="0">(OCoLC)fst01423814</subfield></datafield><datafield ind1=" " ind2="7" tag="651"><subfield code="a">Minnesota</subfield><subfield code="z">Luverne.</subfield><subfield code="2">fast</subfield><subfield code="0">(OCoLC)fst01220178</subfield></datafield><datafield ind1=" " ind2=" " tag="752"><subfield code="a">United States</subfield><subfield code="b">Minnesota</subfield><subfield code="c">Rock</subfield><subfield code="d">Luverne.</subfield></datafield><datafield ind1="0" ind2="5" tag="780"><subfield code="a">Magnolia advance</subfield><subfield code="w">(DLC)sn 89064137</subfield></datafield><datafield ind1="0" ind2="7" tag="785"><subfield code="t">Rock County herald (Luverne, Minn. : 1892)</subfield><subfield code="w">(DLC)sn 89064164</subfield></datafield><datafield ind1="0" ind2="7" tag="785"><subfield code="t">Rock County star-herald</subfield><subfield code="x">0889-888X</subfield><subfield code="w">(DLC)sn 83016596</subfield></datafield></record>